@online{intro-gp,
title = {Introduction to Genetic Programming},
author = {Matthew Walker},
year = 2001,
url = {https://mattgwwalker.files.wordpress.com/2010/02/introduction_to_gp.pdf}
}

@online{history-gp,
title = {Genetic Programming - A Brief History},
url = {http://geneticprogramming.com/history/}
}

@online{wikipedia-gp,
title = {Programación genética},
author = {Wikipedia, La enciclopedia libre},
url = {https://es.wikipedia.org/wiki/Programaci%C3%B3n_gen%C3%A9tica}
}

@online{sci2s-gp,
title = {Programación Genética},
author = {SCI2S},
year = 2013,
url = {http://sci2s.ugr.es/sites/default/files/files/Teaching/GraduatesCourses/Bioinformatica/Tema%2013%20-%20PG.pdf}
}

@online{koza-gp,
title = {On the Programming of Computers by Mean of Natural Selection},
author = {John R. Koza},
year = 1994,
url = {https://link.springer.com/article/10.1007/BF00175355}
}

@online{beyer-es,
title = {Evolution Strategies - A comprehensive introduction},
author = {Hans-Georg Beyer, Hans-Paul Schwefel},
year = 2002,
url = {https://link.springer.com/article/10.1023/A:1015059928466}
}

@book{handbook-ec,
editor = {Back, Thomas and Fogel, David B. and Michalewicz, Zbigniew},
title = {Handbook of Evolutionary Computation},
year = {1997},
isbn = {0750303921},
edition = {1st},
publisher = {IOP Publishing Ltd.},
address = {Bristol, UK, UK},
}

@article{comments-ec,
 author = {Back, T. and Hammel, U. and Schwefel, H. -P.},
 title = {Evolutionary Computation: Comments on the History and Current State},
 journal = {Trans. Evol. Comp},
 issue_date = {April 1997},
 year = {1997},
 url = {http://dx.doi.org/10.1109/4235.585888},
 doi = {10.1109/4235.585888},
 acmid = {2221403},
 publisher = {IEEE Press},
 address = {Piscataway, NJ, USA},
} 


@online{melanie-ga,
title = {An Introduction to Genetic Algorithms},
author = {Melanie Mitchell},
year = 1996,
url = {https://archive.org/details/AnIntroductionToGeneticAlgorithmsMelanieMitchell}
}
